<mx:record xmlns="http://www.w3.org/TR/xhtml1/strict" xmlns:mx="http://www.loc.gov/MARC21/slim" xmlns:xsi="http://www.w3.org/2001/XMLSchema-instance"><mx:leader>00000cz 2200000n 4500</mx:leader><mx:controlfield tag="001">oca01905129 </mx:controlfield><mx:controlfield tag="005">19900827110009.9</mx:controlfield><mx:controlfield tag="008">870727n| acannaab| |a aaa ||| </mx:controlfield><mx:datafield ind1=" " ind2=" " tag="010"><mx:subfield code="a">n 87114665 </mx:subfield></mx:datafield><mx:datafield ind1=" " ind2=" " tag="040"><mx:subfield code="a">DLC</mx:subfield><mx:subfield code="c">DLC</mx:subfield><mx:subfield code="d">DLC</mx:subfield></mx:datafield><mx:datafield ind1="0" ind2=" " tag="100"><mx:subfield code="a">Dictys,</mx:subfield><mx:subfield code="c">Cretensis</mx:subfield></mx:datafield><mx:datafield ind1="1" ind2=" " tag="400"><mx:subfield code="a">Cretensis, Dictys</mx:subfield></mx:datafield><mx:datafield ind1="0" ind2=" " tag="400"><mx:subfield code="a">Ditti,</mx:subfield><mx:subfield code="c">cretese</mx:subfield></mx:datafield><mx:datafield ind1="0" ind2=" " tag="400"><mx:subfield code="a">Dictys,</mx:subfield><mx:subfield code="c">de Crète</mx:subfield></mx:datafield><mx:datafield ind1="0" ind2=" " tag="400"><mx:subfield code="a">Dictys Cretensis</mx:subfield><mx:subfield code="w">nnaa</mx:subfield></mx:datafield><mx:datafield ind1="0" ind2=" " tag="400"><mx:subfield code="a">Diktys,</mx:subfield><mx:subfield code="c">von Kreta</mx:subfield></mx:datafield><mx:datafield ind1=" " ind2=" " tag="670"><mx:subfield code="a">Venini, P. Ditti cretese e Omero, 1981.</mx:subfield></mx:datafield><mx:datafield ind1=" " ind2=" " tag="670"><mx:subfield code="a">Enc. Brit.</mx:subfield><mx:subfield code="b">(Dictys Cretensis)</mx:subfield></mx:datafield><mx:datafield ind1=" " ind2=" " tag="670"><mx:subfield code="a">LC manual auth. cat.</mx:subfield><mx:subfield code="b">(hdg.: Dictys Cretensis; usage Dictys Cretensis, Dictys de
        Crète)</mx:subfield></mx:datafield><mx:datafield ind1=" " ind2=" " tag="670"><mx:subfield code="a">Merkle, S. Die Ephemeris belli Troiani des Diktys von Kreta,
        1989.</mx:subfield></mx:datafield><mx:datafield ind1=" " ind2=" " tag="999"><mx:subfield code="a">5883.8896</mx:subfield></mx:datafield></mx:record>